    @BOOK{quote,
      author = {Steinbeck John, edited by Susan Shillinglaw and Jackson J. Benson.},
      title = {Of men and their making},
      subtitle = {the selected non-fiction of John Steinbeck},
      publisher = {Allen Lane The Penguin Press},
      address = {London},
      year = {2002},
      ISBN = {07-139-9622-6},
    }

    @MISC{tang,
      author =       "Nathaniel McCallum",
      title =        "{\it Tang}",
      url =          "https://github.com/latchset/tang",
      note =         "[Online] Accessed 1 May 2017"
    }

    @MISC{http-parser,
      author =       "Nathaniel McCallum",
      title =        "{\it HTTP-parser}",
      url =          "https://github.com/nodejs/http-parser",
      note =         "[Online] Accessed 1 May 2017"
    }

    @MISC{systemd,
      author =       "Lennart Poettering and Kay Sievers and Harald Hoyer and Daniel Mack and Tom Gundersen and David Herrmann",
      title =        "{\it systemd}",
      url =          "https://en.wikipedia.org/wiki/Systemd",
      note =         "[Online] Accessed 1 May 2017"
    }

    @MISC{xinetd,
      author =       "Rob Braun",
      title =        "{\it xinetd}",
      url =          "http://web.archive.org/web/20051227095035/http://www.xinetd.org:80/",
      note =         "[Online] Accessed 1 May 2017"
    }

    @MISC{jose_prog,
      author =       "Nathaniel McCallum",
      title =        "{\it jose}",
      url =          "https://github.com/latchset/jose",
      note =         "[Online] Accessed 1 May 2017"
    }

    @MISC{JOSE,
      title =        "{\it JSON Object Signing and Encryption}",
      url =          "https://datatracker.ietf.org/wg/jose/charter/",
      note =         "[Online] Accessed 1 May 2017"
    }

    @MISC{JWT,
      author =       "Jones, et al.",
      title =        "{\it JSON Web Tokens}",
      url =          "https://tools.ietf.org/html/draft-ietf-oauth-json-web-token",
      note =         "[Online] Accessed 1 May 2017"
    }

    @MISC{JWS,
      author =       "Jones, et al.",
      title =        "{\it JSON Web Signing}",
      url =          "http://tools.ietf.org/html/draft-ietf-jose-json-web-signature",
      note =         "[Online] Accessed 1 May 2017"
    }

    @MISC{JWE,
      author =       "Jones, et al.",
      title =        "{\it JSON Web Encryption}",
      url =          "http://tools.ietf.org/html/draft-ietf-jose-json-web-encryption",
      note =         "[Online] Accessed 1 May 2017"
    }

    @MISC{JWA,
      author =       "Jones, et al.",
      title =        "{\it JWT Authorization Grants}",
      url =          "http://tools.ietf.org/html/draft-ietf-oauth-jwt-bearer",
      note =         "[Online] Accessed 1 May 2017"
    }

    @MISC{JWK,
      author =       "Jones, et al.",
      title =        "{\it JSON Web Keys}",
      url =          "http://tools.ietf.org/html/draft-ietf-jose-json-web-key",
      note =         "[Online] Accessed 1 May 2017"
    }

    @MISC{jansson,
      author =       "Petri Lehtinen",
      title =        "{\it jansson}",
      url =          "https://github.com/akheron/jansson",
      note =         "[Online] Accessed 1 May 2017"
    }

    @MISC{openssl,
      author =       "Eric A. Young, Tim J. Hudson",
      title =        "{\it OpenSSL}",
      url =          "https://github.com/openssl/openssl",
      note =         "[Online] Accessed 1 May 2017"
    }

    @MISC{zlib,
      author =       "Mark Adler",
      title =        "{\it zlib}",
      url =          "https://github.com/madler/zlib",
      note =         "[Online] Accessed 1 May 2017"
    }

    @MISC{clevis,
      author =       "Nathaniel McCallum",
      title =        "{\it Clevis}",
      url =          "https://github.com/latchset/clevis",
      note =         "[Online] Accessed 1 May 2017"
    }

    @MISC{Thales,
      author =       "Thales",
      title =        "{\it Global Encryption Trends Study}",
      url =          "http://images.go.thales-esecurity.com/Web/ThalesEsecurity/{5f704501-1e4f-41a8-91ee-490c2bb492ae}_Global_Encryption_Trends_Study_eng_ar.pdf",
      note =         "[Online] Accessed 1 May 2017"
    }
    
    @MISC{devconf,
      author =       "Josh Bressers",
      title =        "{\it Security: Everything is on fire!}",
      url =          "https://youtu.be/zmDm7J7V7aw?list=PLjT7F8YwQhr--MZrcojlv2lpeBYUlQFkl&t=1058",
      note =         "[Online] Accessed 1 May 2017"
    }

    @MISC{LUKS,
      author =       "Clemens Fruhwirth",
      title =        "{\it LUKS On-Disk Format Specification}",
      url =          "https://gitlab.com/cryptsetup/cryptsetup/wikis/LUKS-standard/on-disk-format.pdf",
      note =         "[Online] Accessed 2 May 2017"
    }

    @MISC{luksipc,
      author =       "Johannes Bauer",
      title =        "{\it LUKS In-Place Conversion Tool}",
      url =          "http://www.johannes-bauer.com/linux/luksipc/",
      note =         "[Online] Accessed 3 May 2017"
    }
