    @BOOK{Pravidla,
      author =       "Zdeněk Hlavsa and others",
      title =        "{\it Pravidla českého pravopisu}",
      publisher =    "Academia",
      year =         "2005",
      isbn =         "80-200-1327-X",
    }

    @MISC{tang,
      author =       "Nathaniel McCallum",
      title =        "{\it Tang}",
      url =          "https://github.com/latchset/tang",
      note =         "[Online]"
    }

    @MISC{ecdh,
      author =       "Wikipedia",
      title =        "{\it Elliptic curve Diffie–Hellman}",
      url =          "https://en.wikipedia.org/wiki/Elliptic_curve_Diffie%E2%80%93Hellman",
      note =         "[Online]"
    }

    @MISC{sss,
      author = "Wikipedia",
      title = "Shamir Secret Sharing",
      url = "https://en.wikipedia.org/wiki/Shamir's_Secret_Sharing",
      note = "[Online]"

    }

    @MISC{http-parser,
      author =       "Nathaniel McCallum",
      title =        "{\it HTTP-parser}",
      url =          "https://github.com/nodejs/http-parser",
      note =         "[Online]"
    }

    @MISC{systemd,
      author =       "Lennart Poettering and Kay Sievers and Harald Hoyer and Daniel Mack and Tom Gundersen and David Herrmann",
      title =        "{\it systemd}",
      url =          "https://en.wikipedia.org/wiki/Systemd",
      note =         "[Online]"
    }

    @MISC{xinetd,
      author =       "Rob Braun",
      title =        "{\it xinetd}",
      url =          "http://web.archive.org/web/20051227095035/http://www.xinetd.org:80/",
      note =         "[Online]"
    }

    @MISC{Jos,
      author =       "Nathaniel McCallum",
      title =        "{\it jose}",
      url =          "https://github.com/latchset/jose",
      note =         "[Online]"
    }

    @MISC{JOSE,
      title =        "{\it JSON Object Signing and Encryption}",
      url =          "https://datatracker.ietf.org/wg/jose/charter/",
      note =         "[Online]"
    }

    @MISC{JWT,
      author =       "Jones, et al.",
      title =        "{\it JSON Web Tokens}",
      url =          "https://tools.ietf.org/html/draft-ietf-oauth-json-web-token",
      note =         "[Online]"
    }

    @MISC{JWS,
      author =       "Jones, et al.",
      title =        "{\it JSON Web Signing}",
      url =          "http://tools.ietf.org/html/draft-ietf-jose-json-web-signature",
      note =         "[Online]"
    }

    @MISC{JWE,
      author =       "Jones, et al.",
      title =        "{\it JSON Web Encryption}",
      url =          "http://tools.ietf.org/html/draft-ietf-jose-json-web-encryption",
      note =         "[Online]"
    }

    @MISC{JWA,
      author =       "Jones, et al.",
      title =        "{\it JWT Authorization Grants}",
      url =          "http://tools.ietf.org/html/draft-ietf-oauth-jwt-bearer",
      note =         "[Online]"
    }

    @MISC{exJose,
      author =       "Jones, et al.",
      title =        "{\it JSON Web Keys}",
      url =          "https://tools.ietf.org/html/rfc7520",
      note =         "[Online]"
    }

    @MISC{JWK,
      author =       "Jones, et al.",
      title =        "{\it JSON Web Keys}",
      url =          "http://tools.ietf.org/html/draft-ietf-jose-json-web-key",
      note =         "[Online]"
    }

    @MISC{jansson,
      author =       "Petri Lehtinen",
      title =        "{\it jansson}",
      url =          "https://github.com/akheron/jansson",
      note =         "[Online]"
    }

    @MISC{openssl,
      author =       "Eric A. Young, Tim J. Hudson",
      title =        "{\it OpenSSL}",
      url =          "https://github.com/openssl/openssl",
      note =         "[Online]"
    }

    @MISC{zlib,
      author =       "Mark Adler",
      title =        "{\it zlib}",
      url =          "https://github.com/madler/zlib",
      note =         "[Online]"
    }

    @MISC{clevis,
      author =       "Nathaniel McCallum",
      title =        "{\it Clevis}",
      url =          "https://github.com/latchset/clevis",
      note =         "[Online]"
    }

    @MISC{gnome,
      author = "Wikipedia",
      title = "{\it GNOME}",
      url = "https://en.wikipedia.org/wiki/GNOME",
      note = "[Online]"
    }

    @MISC{ca,
      author = "Wikipedia",
      title = "{\it Certification Authority}",
      url = "https://en.wikipedia.org/wiki/Certificate_authority",
      note = "[Online]"
    }

    @MISC{kdc,
      author = "Wikipedia",
      title = "{\it Key distribution center}",
      url = "https://en.wikipedia.org/wiki/Key_distribution_center",
      note = "[Online]"
    }

    @MISC{tls,
      author = "Wikipedia",
      title = "{\it Transport Layer Security}",
      url = "https://en.wikipedia.org/wiki/Transport_Layer_Security",
      note = "[Online]"
    }

    @MISC{gssapi,
      author = "Wikipedia",
      title = "{\it Generic Security Services Application Program Interface}",
      url = "https://en.wikipedia.org/wiki/Generic_Security_Services_Application_Program_Interface",
      note = "[Online]"
    }

    @MISC{c,
      author = "Wikipedia",
      title = "{\it C programming language}",
      url = "https://en.wikipedia.org/wiki/C_(programming_language)",
      note = "[Online]"
    }

    @MISC{http,
      author = "Wikipedia",
      title = "{\it Hypertext Transfer Protocol}",
      url = "https://en.wikipedia.org/wiki/Hypertext_Transfer_Protocol",
      note = "[Online]"
    }

    @MISC{askey,
      author = "Wikipedia",
      title = "{\it Public key cryptography}",
      url = "https://en.wikipedia.org/wiki/Public-key_cryptography",
      note = "[Online]"
    }

    @MISC{epkey,
      author = "Wikipedia",
      title = "{\it Ephemeral key}",
      url = "https://en.wikipedia.org/wiki/Ephemeral_key",
      note = "[Online]"
    }

    @MISC{url,
      author = "Wikipedia",
      title = "{\it Uniform Resource Locator}",
      url = "https://en.wikipedia.org/wiki/Uniform_Resource_Locator",
      note = "[Online]"
    }

    @MISC{selinux,
      author = "Wikipedia",
      title = "{\it Security-Enhanced Linux}",
      url = "https://en.wikipedia.org/wiki/Security-Enhanced_Linux",
      note = "[Online]"
    }

    @MISC{mitm,
      author = "Wikipedia",
      title = "{\it Man in the middle attack}",
      url = "https://en.wikipedia.org/wiki/Man-in-the-middle_attack",
      note = "[Online]"
    }

    @MISC{hsm,
      author = "Wikipedia",
      title = "{\it Hardware security module}",
      url = "https://en.wikipedia.org/wiki/Hardware_security_module",
      note = "[Online]"
    }

    @MISC{fedora,
      author = "Wikipedia",
      title = "{\it Fedora (operating system)}",
      url = "https://en.wikipedia.org/wiki/Fedora_(operating_system)",
      note = "[Online]"
    }

    @MISC{github,
      author = "Wikipedia",
      title = "{\it GitHub}",
      url = "https://en.wikipedia.org/wiki/GitHub",
      note = "[Online]"
    }

    @MISC{javascript,
      author = "Wikipedia",
      title = "{\it JavaScript}",
      url = "https://en.wikipedia.org/wiki/JavaScript",
      note = "[Online]"
    }

    @MISC{linux,
      author = "Wikipedia",
      title = "{\it Linux}",
      url = "https://en.wikipedia.org/wiki/Linux",
      note = "[Online]"
    }

    @MISC{pid,
      author = "Wikipedia",
      title = "{\it Process identifier}",
      url = "https://en.wikipedia.org/wiki/Process_identifier",
      note = "[Online]"
    }

    @MISC{socket,
      author = "Wikipedia",
      title = "{\it Unix domain socket}",
      url = "https://en.wikipedia.org/wiki/Unix_domain_socket",
      note = "[Online]"
    }

    @MISC{Dbus,
      author = "Wikipedia",
      title = "{\it Dbus}",
      url = "https://en.wikipedia.org/wiki/D-Bus",
      note = "[Online]"
    }

    @MISC{mit,
      author = "Wikipedia",
      title = "{\it Massachusetts Institute of Technology}",
      url = "https://en.wikipedia.org/wiki/Massachusetts_Institute_of_Technology",
      note = "[Online]"
    }

    @MISC{luks,
      author = "Wikipedia",
      title = "{\it Linux Unified Key Setup}",
      url = "https://en.wikipedia.org/wiki/Linux_Unified_Key_Setup",
      note = "[Online]"
    }

    @MISC{ssh,
      author = "Wikipedia",
      title = "{\it Secure Shell}",
      url = "https://en.wikipedia.org/wiki/Secure_Shell",
      note = "[Online]"
    }

    @MISC{dracut,
      author = "Wikipedia",
      title = "{\it dracut (software)}",
      url = "https://en.wikipedia.org/wiki/Dracut_(software)",
      note = "[Online]"
    }

    @MISC{udisk2,
      author = "Free Desktop",
      title = "{\it UDisk2}",
      url = "https://udisks.freedesktop.org/docs/latest/",
      note = "[Online]"
    }

    @MISC{escrow,
      author = "Wikipedia",
      title = "{\it Escrow}",
      url = "https://en.wikipedia.org/wiki/Escrow",
      note = "[Online]"
    }

    @MISC{gpl,
      author = "Wikipedia",
      title = "{\it GPU General Public Licence}",
      url = "https://en.wikipedia.org/wiki/GPL",
      note = "[Online]"
    }
